@misc{bman,
  author = {Erin Catto},
  title = {{Box2D User Manual}},
  howpublished = "\url{http://www.box2d.org/manual.html/}",
}

@misc{gnu,
  title = {{GNU Plots}},
  howpublished = "\url{http://www.gnuplot.info/}",
}

@misc{prof,
  title = {{Profiling}},
  howpublished = "\url{http://www.thegeekstuff.com/2012/08/gprof-tutorial/}",
}

@misc{iforce,
  title = {{Box2D Turorials}},
  howpublished = "\url{http://www.iforce2d.net/b2dtut/}",
}
